%% This BibTeX bibliography file was created using BibDesk.
%% https://bibdesk.sourceforge.io/

%% Created for Lorena Barba at 2022-05-12 19:49:59 -0400 


%% Saved with string encoding Unicode (UTF-8) 



@book{christensenETal2019,
	author = {Christensen, Garret and Freese, Jeremy and Miguel, Edward},
	date-added = {2022-05-12 19:46:29 -0400},
	date-modified = {2022-05-12 19:49:59 -0400},
	doi = {10.1525/9780520969230},
	note = {\href{https://doi.org/10.1525/9780520969230}{doi:10.1525/9780520969230}},
	publisher = {University of California Press},
	title = {Transparent and reproducible social science research},
	year = {2019}}

@book{solomon-flores2003,
	author = {Solomon, Robert C. and Flores, Fernando},
	date-added = {2022-04-26 15:15:20 -0400},
	date-modified = {2022-04-26 15:18:24 -0400},
	isbn = {0-19-512685-8},
	publisher = {Oxford University Press},
	title = {Building trust: In business, politics, relationships, and life},
	year = {2001}}

@article{leek-peng2015,
	author = {Leek, Jeffrey T. and Peng, Roger D.},
	date-added = {2022-04-26 15:12:48 -0400},
	date-modified = {2022-04-26 15:14:08 -0400},
	doi = {10.1073/pnas.1421412111},
	journal = {Proceedings of the National Academy of Sciences},
	note = {\href{https://doi.org/10.1073/pnas.1421412111}{doi:10.1073/pnas.1421412111}},
	number = {6},
	pages = {1645--1646},
	publisher = {National Acad Sciences},
	title = {Opinion: Reproducible research can still be wrong: Adopting a prevention approach},
	volume = {112},
	year = {2015},
	bdsk-url-1 = {https://doi.org/10.1073/pnas.1421412111}}

@book{winograd-flores1986,
	author = {Winograd, Terry and Flores, Fernando},
	date-added = {2022-04-26 15:08:26 -0400},
	date-modified = {2022-04-26 15:11:19 -0400},
	isbn = {0-89391-050-3},
	publisher = {Ablex Publishing Corporation},
	title = {Understanding computers and cognition: A new foundation for design},
	year = {1986}}

@book{coleman2012,
	author = {Coleman, E Gabriella},
	date-added = {2022-04-26 15:04:50 -0400},
	date-modified = {2022-04-26 15:06:11 -0400},
	doi = {10.1515/9781400845293},
	note = {\href{https://doi.org/10.1515/9781400845293}{doi:10.1515/9781400845293}},
	publisher = {Princeton University Press},
	title = {Coding freedom},
	year = {2012},
	bdsk-url-1 = {https://doi.org/10.1515/9781400845293}}

@article{donoho2009,
	author = {Donoho, David L. and Maleki, Arian and Rahman, Inam Ur and Shahram, Morteza and Stodden, Victoria},
	date-added = {2022-04-26 15:00:01 -0400},
	date-modified = {2022-04-26 15:30:09 -0400},
	doi = {10.1109/MCSE.2009.15},
	journal = {Computing in Science \& Engineering},
	note = {\href{https://doi.org/10.1109/MCSE.2009.15}{doi:10.1109/MCSE.2009.15}},
	number = {1},
	pages = {8--18},
	publisher = {IEEE Computer Society},
	title = {Reproducible research in computational harmonic analysis},
	volume = {11},
	year = {2009},
	bdsk-url-1 = {https://doi.org/10.1109/MCSE.2009.15}}

@misc{perkel2001,
	author = {Perkel, J.},
	date-added = {2022-04-26 14:55:34 -0400},
	date-modified = {2022-04-26 14:58:53 -0400},
	doi = {10.1038/d41586-021-02887-8},
	howpublished = {\emph{Nature} Career Column},
	month = {October},
	note = {\href{https://doi.org/10.1038/d41586-021-02887-8}{doi:10.1038/d41586-021-02887-8}},
	title = {How to make your research reproducible},
	year = {2021},
	bdsk-url-1 = {https://doi.org/10.1038/d41586-021-02887-8}}

@article{leveque2012,
	author = {LeVeque, Randall J. and Mitchell, Ian M .and Stodden, Victoria},
	date-added = {2022-04-26 14:52:07 -0400},
	date-modified = {2022-04-26 14:54:01 -0400},
	doi = {10.1109/MCSE.2012.38},
	journal = {Computing in Science \& Engineering},
	note = {\href{https://doi.ieeecomputersociety.org/10.1109/MCSE.2012.38}{doi:10.1109/MCSE.2012.38}},
	number = {4},
	pages = {13--17},
	publisher = {IEEE Computer Society},
	title = {Reproducible research for scientific computing: Tools and strategies for changing the culture},
	volume = {14},
	year = {2012},
	bdsk-url-1 = {https://doi.org/10.1109/MCSE.2012.38}}

@article{morin2012,
	author = {Morin, Andrew and Urban, Jennifer and Sliz, Piotr},
	date-added = {2022-04-26 14:40:22 -0400},
	date-modified = {2022-04-26 14:44:00 -0400},
	doi = {10.1371/journal.pcbi.1002598},
	journal = {PLOS Computational Biology},
	month = {July},
	note = {\href{https://doi.org/b5hp}{doi:10/b5hp}},
	number = {7},
	pages = {e1002598},
	publisher = {Public Library of Science San Francisco, USA},
	title = {A quick guide to software licensing for the scientist-programmer},
	volume = {8},
	year = {2012},
	bdsk-url-1 = {https://doi.org/10.1371/journal.pcbi.1002598}}

@misc{peterson2008,
	author = {Peterson, Christine},
	date-added = {2022-04-26 14:28:37 -0400},
	date-modified = {2022-04-26 14:51:28 -0400},
	howpublished = {Post at Opensource.com},
	month = {February},
	note = {\url{https://opensource.com/article/18/2/coining-term-open-source-software}},
	title = {How {}I coined the term `open source'},
	year = {2008}}

@article{brown2021,
	author = {Brown, Duncan A. and Vahi, Karan and Taufer, Michela and Welch, Von and Deelman, Ewa},
	date-added = {2022-04-26 12:41:49 -0400},
	date-modified = {2022-04-26 12:43:44 -0400},
	doi = {10.1109/MCSE.2021.3059232},
	journal = {Computing in Science \& Engineering},
	note = {\href{https://doi.org/10.1109/MCSE.2021.3059232}{doi:10.1109/MCSE.2021.3059232}},
	number = {2},
	pages = {73--82},
	publisher = {IEEE},
	title = {Reproducing {GW150914}: The first observation of gravitational waves from a binary black hole merger},
	volume = {23},
	year = {2021},
	bdsk-url-1 = {https://doi.org/10.1109/MCSE.2021.3059232}}

@book{franklin1989,
	author = {Franklin, Allan},
	date-added = {2022-04-26 12:33:03 -0400},
	date-modified = {2022-04-26 12:38:14 -0400},
	isbn = {0-521-37965-2},
	publisher = {Cambridge University Press},
	title = {The neglect of experiment},
	year = {1989}}

@book{nasem_2019,
	address = {Washington, D.C.},
	author = {{National Academies of Sciences, Engineering, and Medicine}},
	date-added = {2022-04-26 12:23:05 -0400},
	date-modified = {2022-04-26 12:41:07 -0400},
	doi = {10.17226/25303},
	file = {Committee on Reproducibility and Replicability in Science et al. - 2019 - Reproducibility and Replicability in Science.pdf:/Users/lorenabarba/Zotero/storage/2BYSLHC9/Committee on Reproducibility and Replicability in Science et al. - 2019 - Reproducibility and Replicability in Science.pdf:application/pdf},
	isbn = {978-0-309-48616-3},
	language = {en},
	month = sep,
	note = {\href{https://doi.org/c5jp}{doi:c5jp}},
	publisher = {National Academies Press},
	title = {Reproducibility and {Replicability} in {Science}},
	url = {https://www.nap.edu/catalog/25303},
	urldate = {2021-10-30},
	year = {2019},
	bdsk-url-1 = {https://www.nap.edu/catalog/25303},
	bdsk-url-2 = {https://doi.org/10.17226/25303}}
